%YAML 1.1
%TAG !u! tag:unity3d.com,2011:
--- !u!29 &1
OcclusionCullingSettings:
  m_ObjectHideFlags: 0
  serializedVersion: 2
  m_OcclusionBakeSettings:
    smallestOccluder: 5
    smallestHole: 0.25
    backfaceThreshold: 100
  m_SceneGUID: 00000000000000000000000000000000
  m_OcclusionCullingData: {fileID: 0}
--- !u!104 &2
RenderSettings:
  m_ObjectHideFlags: 0
  serializedVersion: 8
  m_Fog: 0
  m_FogColor: {r: 0.5, g: 0.5, b: 0.5, a: 1}
  m_FogMode: 3
  m_FogDensity: 0.01
  m_LinearFogStart: 0
  m_LinearFogEnd: 300
  m_AmbientSkyColor: {r: 0.212, g: 0.227, b: 0.259, a: 1}
  m_AmbientEquatorColor: {r: 0.114, g: 0.125, b: 0.133, a: 1}
  m_AmbientGroundColor: {r: 0.047, g: 0.043, b: 0.035, a: 1}
  m_AmbientIntensity: 1
  m_AmbientMode: 0
  m_SubtractiveShadowColor: {r: 0.42, g: 0.478, b: 0.627, a: 1}
  m_SkyboxMaterial: {fileID: 10304, guid: 0000000000000000f000000000000000, type: 0}
  m_HaloStrength: 0.5
  m_FlareStrength: 1
  m_FlareFadeSpeed: 3
  m_HaloTexture: {fileID: 0}
  m_SpotCookie: {fileID: 10001, guid: 0000000000000000e000000000000000, type: 0}
  m_DefaultReflectionMode: 0
  m_DefaultReflectionResolution: 128
  m_ReflectionBounces: 1
  m_ReflectionIntensity: 1
  m_CustomReflection: {fileID: 0}
  m_Sun: {fileID: 0}
  m_IndirectSpecularColor: {r: 0.44657844, g: 0.49641222, b: 0.57481694, a: 1}
--- !u!157 &3
LightmapSettings:
  m_ObjectHideFlags: 0
  serializedVersion: 11
  m_GIWorkflowMode: 0
  m_GISettings:
    serializedVersion: 2
    m_BounceScale: 1
    m_IndirectOutputScale: 1
    m_AlbedoBoost: 1
    m_TemporalCoherenceThreshold: 1
    m_EnvironmentLightingMode: 0
    m_EnableBakedLightmaps: 1
    m_EnableRealtimeLightmaps: 1
  m_LightmapEditorSettings:
    serializedVersion: 9
    m_Resolution: 2
    m_BakeResolution: 40
    m_TextureWidth: 1024
    m_TextureHeight: 1024
    m_AO: 0
    m_AOMaxDistance: 1
    m_CompAOExponent: 1
    m_CompAOExponentDirect: 0
    m_Padding: 2
    m_LightmapParameters: {fileID: 0}
    m_LightmapsBakeMode: 1
    m_TextureCompression: 1
    m_FinalGather: 0
    m_FinalGatherFiltering: 1
    m_FinalGatherRayCount: 256
    m_ReflectionCompression: 2
    m_MixedBakeMode: 2
    m_BakeBackend: 0
    m_PVRSampling: 1
    m_PVRDirectSampleCount: 32
    m_PVRSampleCount: 500
    m_PVRBounces: 2
    m_PVRFilterTypeDirect: 0
    m_PVRFilterTypeIndirect: 0
    m_PVRFilterTypeAO: 0
    m_PVRFilteringMode: 1
    m_PVRCulling: 1
    m_PVRFilteringGaussRadiusDirect: 1
    m_PVRFilteringGaussRadiusIndirect: 5
    m_PVRFilteringGaussRadiusAO: 2
    m_PVRFilteringAtrousPositionSigmaDirect: 0.5
    m_PVRFilteringAtrousPositionSigmaIndirect: 2
    m_PVRFilteringAtrousPositionSigmaAO: 1
  m_LightingDataAsset: {fileID: 0}
  m_UseShadowmask: 1
--- !u!196 &4
NavMeshSettings:
  serializedVersion: 2
  m_ObjectHideFlags: 0
  m_BuildSettings:
    serializedVersion: 2
    agentTypeID: 0
    agentRadius: 0.5
    agentHeight: 2
    agentSlope: 45
    agentClimb: 0.4
    ledgeDropHeight: 0
    maxJumpAcrossDistance: 0
    minRegionArea: 2
    manualCellSize: 0
    cellSize: 0.16666667
    manualTileSize: 0
    tileSize: 256
    accuratePlacement: 0
    debug:
      m_Flags: 0
  m_NavMeshData: {fileID: 0}
--- !u!1001 &68533053
Prefab:
  m_ObjectHideFlags: 0
  serializedVersion: 2
  m_Modification:
    m_TransformParent: {fileID: 0}
    m_Modifications:
    - target: {fileID: 4452255950084876, guid: c1fabaf4f4f82d34cbc1fb9e03e01528, type: 2}
      propertyPath: m_LocalPosition.x
      value: 0.24864435
      objectReference: {fileID: 0}
    - target: {fileID: 4452255950084876, guid: c1fabaf4f4f82d34cbc1fb9e03e01528, type: 2}
      propertyPath: m_LocalPosition.y
      value: 1.7805085
      objectReference: {fileID: 0}
    - target: {fileID: 4452255950084876, guid: c1fabaf4f4f82d34cbc1fb9e03e01528, type: 2}
      propertyPath: m_LocalPosition.z
      value: 0.35428655
      objectReference: {fileID: 0}
    - target: {fileID: 4452255950084876, guid: c1fabaf4f4f82d34cbc1fb9e03e01528, type: 2}
      propertyPath: m_LocalRotation.x
      value: 0
      objectReference: {fileID: 0}
    - target: {fileID: 4452255950084876, guid: c1fabaf4f4f82d34cbc1fb9e03e01528, type: 2}
      propertyPath: m_LocalRotation.y
      value: 0
      objectReference: {fileID: 0}
    - target: {fileID: 4452255950084876, guid: c1fabaf4f4f82d34cbc1fb9e03e01528, type: 2}
      propertyPath: m_LocalRotation.z
      value: 0
      objectReference: {fileID: 0}
    - target: {fileID: 4452255950084876, guid: c1fabaf4f4f82d34cbc1fb9e03e01528, type: 2}
      propertyPath: m_LocalRotation.w
      value: 1
      objectReference: {fileID: 0}
    - target: {fileID: 4452255950084876, guid: c1fabaf4f4f82d34cbc1fb9e03e01528, type: 2}
      propertyPath: m_RootOrder
      value: 2
      objectReference: {fileID: 0}
    m_RemovedComponents: []
  m_ParentPrefab: {fileID: 100100000, guid: c1fabaf4f4f82d34cbc1fb9e03e01528, type: 2}
  m_IsPrefabParent: 0
--- !u!1 &656831193
GameObject:
  m_ObjectHideFlags: 0
  m_PrefabParentObject: {fileID: 0}
  m_PrefabInternal: {fileID: 0}
  serializedVersion: 5
  m_Component:
  - component: {fileID: 656831194}
  m_Layer: 0
  m_Name: OpenPosition
  m_TagString: Untagged
  m_Icon: {fileID: 419385456094870383, guid: 0000000000000000d000000000000000, type: 0}
  m_NavMeshLayer: 0
  m_StaticEditorFlags: 0
  m_IsActive: 1
--- !u!4 &656831194
Transform:
  m_ObjectHideFlags: 0
  m_PrefabParentObject: {fileID: 0}
  m_PrefabInternal: {fileID: 0}
  m_GameObject: {fileID: 656831193}
  m_LocalRotation: {x: -0.7071068, y: -0, z: -0, w: 0.7071068}
  m_LocalPosition: {x: 0, y: 4.5, z: 0.49999994}
  m_LocalScale: {x: 1, y: 1.0000005, z: 1.0000005}
  m_Children: []
  m_Father: {fileID: 1541940211}
  m_RootOrder: 9
  m_LocalEulerAnglesHint: {x: 0, y: 0, z: 0}
--- !u!114 &914911857 stripped
MonoBehaviour:
  m_PrefabParentObject: {fileID: 114739919011561658, guid: f2424cbdc4692254797a142bdcd331a5,
    type: 2}
  m_PrefabInternal: {fileID: 1060523015}
  m_Script: {fileID: -765806418, guid: f70555f144d8491a825f0804e09c671c, type: 3}
--- !u!1001 &1060523015
Prefab:
  m_ObjectHideFlags: 0
  serializedVersion: 2
  m_Modification:
    m_TransformParent: {fileID: 0}
    m_Modifications:
    - target: {fileID: 224163540292894228, guid: f2424cbdc4692254797a142bdcd331a5,
        type: 2}
      propertyPath: m_LocalPosition.x
      value: 370.5
      objectReference: {fileID: 0}
    - target: {fileID: 224163540292894228, guid: f2424cbdc4692254797a142bdcd331a5,
        type: 2}
      propertyPath: m_LocalPosition.y
      value: 208.5
      objectReference: {fileID: 0}
    - target: {fileID: 224163540292894228, guid: f2424cbdc4692254797a142bdcd331a5,
        type: 2}
      propertyPath: m_LocalPosition.z
      value: 0
      objectReference: {fileID: 0}
    - target: {fileID: 224163540292894228, guid: f2424cbdc4692254797a142bdcd331a5,
        type: 2}
      propertyPath: m_LocalRotation.x
      value: 0
      objectReference: {fileID: 0}
    - target: {fileID: 224163540292894228, guid: f2424cbdc4692254797a142bdcd331a5,
        type: 2}
      propertyPath: m_LocalRotation.y
      value: 0
      objectReference: {fileID: 0}
    - target: {fileID: 224163540292894228, guid: f2424cbdc4692254797a142bdcd331a5,
        type: 2}
      propertyPath: m_LocalRotation.z
      value: 0
      objectReference: {fileID: 0}
    - target: {fileID: 224163540292894228, guid: f2424cbdc4692254797a142bdcd331a5,
        type: 2}
      propertyPath: m_LocalRotation.w
      value: 1
      objectReference: {fileID: 0}
    - target: {fileID: 224163540292894228, guid: f2424cbdc4692254797a142bdcd331a5,
        type: 2}
      propertyPath: m_RootOrder
      value: 3
      objectReference: {fileID: 0}
    - target: {fileID: 224163540292894228, guid: f2424cbdc4692254797a142bdcd331a5,
        type: 2}
      propertyPath: m_AnchoredPosition.x
      value: 0
      objectReference: {fileID: 0}
    - target: {fileID: 224163540292894228, guid: f2424cbdc4692254797a142bdcd331a5,
        type: 2}
      propertyPath: m_AnchoredPosition.y
      value: 0
      objectReference: {fileID: 0}
    - target: {fileID: 224163540292894228, guid: f2424cbdc4692254797a142bdcd331a5,
        type: 2}
      propertyPath: m_SizeDelta.x
      value: 100
      objectReference: {fileID: 0}
    - target: {fileID: 224163540292894228, guid: f2424cbdc4692254797a142bdcd331a5,
        type: 2}
      propertyPath: m_SizeDelta.y
      value: 100
      objectReference: {fileID: 0}
    - target: {fileID: 224163540292894228, guid: f2424cbdc4692254797a142bdcd331a5,
        type: 2}
      propertyPath: m_AnchorMin.x
      value: 0.5
      objectReference: {fileID: 0}
    - target: {fileID: 224163540292894228, guid: f2424cbdc4692254797a142bdcd331a5,
        type: 2}
      propertyPath: m_AnchorMin.y
      value: 0.5
      objectReference: {fileID: 0}
    - target: {fileID: 224163540292894228, guid: f2424cbdc4692254797a142bdcd331a5,
        type: 2}
      propertyPath: m_AnchorMax.x
      value: 0.5
      objectReference: {fileID: 0}
    - target: {fileID: 224163540292894228, guid: f2424cbdc4692254797a142bdcd331a5,
        type: 2}
      propertyPath: m_AnchorMax.y
      value: 0.5
      objectReference: {fileID: 0}
    - target: {fileID: 224163540292894228, guid: f2424cbdc4692254797a142bdcd331a5,
        type: 2}
      propertyPath: m_Pivot.x
      value: 0.5
      objectReference: {fileID: 0}
    - target: {fileID: 224163540292894228, guid: f2424cbdc4692254797a142bdcd331a5,
        type: 2}
      propertyPath: m_Pivot.y
      value: 0.5
      objectReference: {fileID: 0}
    m_RemovedComponents: []
  m_ParentPrefab: {fileID: 100100000, guid: f2424cbdc4692254797a142bdcd331a5, type: 2}
  m_IsPrefabParent: 0
--- !u!1001 &1309920376
Prefab:
  m_ObjectHideFlags: 0
  serializedVersion: 2
  m_Modification:
    m_TransformParent: {fileID: 0}
    m_Modifications:
    - target: {fileID: 4333093694853090, guid: d07a54de212576f4b9960633e86e0615, type: 2}
      propertyPath: m_LocalPosition.x
      value: 0
      objectReference: {fileID: 0}
    - target: {fileID: 4333093694853090, guid: d07a54de212576f4b9960633e86e0615, type: 2}
      propertyPath: m_LocalPosition.y
      value: 1
      objectReference: {fileID: 0}
    - target: {fileID: 4333093694853090, guid: d07a54de212576f4b9960633e86e0615, type: 2}
      propertyPath: m_LocalPosition.z
      value: -3.76
      objectReference: {fileID: 0}
    - target: {fileID: 4333093694853090, guid: d07a54de212576f4b9960633e86e0615, type: 2}
      propertyPath: m_LocalRotation.x
      value: 0
      objectReference: {fileID: 0}
    - target: {fileID: 4333093694853090, guid: d07a54de212576f4b9960633e86e0615, type: 2}
      propertyPath: m_LocalRotation.y
      value: 0
      objectReference: {fileID: 0}
    - target: {fileID: 4333093694853090, guid: d07a54de212576f4b9960633e86e0615, type: 2}
      propertyPath: m_LocalRotation.z
      value: 0
      objectReference: {fileID: 0}
    - target: {fileID: 4333093694853090, guid: d07a54de212576f4b9960633e86e0615, type: 2}
      propertyPath: m_LocalRotation.w
      value: 1
      objectReference: {fileID: 0}
    - target: {fileID: 4333093694853090, guid: d07a54de212576f4b9960633e86e0615, type: 2}
      propertyPath: m_RootOrder
      value: 1
      objectReference: {fileID: 0}
    - target: {fileID: 114038133189885936, guid: d07a54de212576f4b9960633e86e0615,
        type: 2}
      propertyPath: crosshair
      value: 
      objectReference: {fileID: 914911857}
    m_RemovedComponents: []
  m_ParentPrefab: {fileID: 100100000, guid: d07a54de212576f4b9960633e86e0615, type: 2}
  m_IsPrefabParent: 0
--- !u!1 &1354388738
GameObject:
  m_ObjectHideFlags: 0
  m_PrefabParentObject: {fileID: 0}
  m_PrefabInternal: {fileID: 0}
  serializedVersion: 5
  m_Component:
  - component: {fileID: 1354388739}
  m_Layer: 0
  m_Name: ClosedPosition
  m_TagString: Untagged
  m_Icon: {fileID: 5132851093641282708, guid: 0000000000000000d000000000000000, type: 0}
  m_NavMeshLayer: 0
  m_StaticEditorFlags: 0
  m_IsActive: 1
--- !u!4 &1354388739
Transform:
  m_ObjectHideFlags: 0
  m_PrefabParentObject: {fileID: 0}
  m_PrefabInternal: {fileID: 0}
  m_GameObject: {fileID: 1354388738}
  m_LocalRotation: {x: -0.7071068, y: -0, z: -0, w: 0.7071068}
  m_LocalPosition: {x: 0, y: 1.5, z: 0.49999994}
  m_LocalScale: {x: 1, y: 1, z: 1}
  m_Children: []
  m_Father: {fileID: 1541940211}
  m_RootOrder: 8
  m_LocalEulerAnglesHint: {x: 0, y: 0, z: 0}
--- !u!1001 &1541940210
Prefab:
  m_ObjectHideFlags: 0
  serializedVersion: 2
  m_Modification:
    m_TransformParent: {fileID: 0}
    m_Modifications:
    - target: {fileID: 400020, guid: 62a586d1fec2b594997bf94170cdaf07, type: 3}
      propertyPath: m_LocalPosition.x
      value: 0
      objectReference: {fileID: 0}
    - target: {fileID: 400020, guid: 62a586d1fec2b594997bf94170cdaf07, type: 3}
      propertyPath: m_LocalPosition.y
      value: 0
      objectReference: {fileID: 0}
    - target: {fileID: 400020, guid: 62a586d1fec2b594997bf94170cdaf07, type: 3}
      propertyPath: m_LocalPosition.z
      value: 0
      objectReference: {fileID: 0}
    - target: {fileID: 400020, guid: 62a586d1fec2b594997bf94170cdaf07, type: 3}
      propertyPath: m_LocalRotation.x
      value: 0
      objectReference: {fileID: 0}
    - target: {fileID: 400020, guid: 62a586d1fec2b594997bf94170cdaf07, type: 3}
      propertyPath: m_LocalRotation.y
      value: 0
      objectReference: {fileID: 0}
    - target: {fileID: 400020, guid: 62a586d1fec2b594997bf94170cdaf07, type: 3}
      propertyPath: m_LocalRotation.z
      value: 0
      objectReference: {fileID: 0}
    - target: {fileID: 400020, guid: 62a586d1fec2b594997bf94170cdaf07, type: 3}
      propertyPath: m_LocalRotation.w
      value: 1
      objectReference: {fileID: 0}
    - target: {fileID: 400020, guid: 62a586d1fec2b594997bf94170cdaf07, type: 3}
      propertyPath: m_RootOrder
      value: 5
      objectReference: {fileID: 0}
    - target: {fileID: 400018, guid: 62a586d1fec2b594997bf94170cdaf07, type: 3}
      propertyPath: m_RootOrder
      value: 11
      objectReference: {fileID: 0}
    - target: {fileID: 400016, guid: 62a586d1fec2b594997bf94170cdaf07, type: 3}
      propertyPath: m_RootOrder
      value: 10
      objectReference: {fileID: 0}
    - target: {fileID: 100016, guid: 62a586d1fec2b594997bf94170cdaf07, type: 3}
      propertyPath: m_Layer
      value: 8
      objectReference: {fileID: 0}
    m_RemovedComponents: []
  m_ParentPrefab: {fileID: 100100000, guid: 62a586d1fec2b594997bf94170cdaf07, type: 3}
  m_IsPrefabParent: 0
--- !u!4 &1541940211 stripped
Transform:
  m_PrefabParentObject: {fileID: 400020, guid: 62a586d1fec2b594997bf94170cdaf07, type: 3}
  m_PrefabInternal: {fileID: 1541940210}
--- !u!1 &1541940212 stripped
GameObject:
  m_PrefabParentObject: {fileID: 100018, guid: 62a586d1fec2b594997bf94170cdaf07, type: 3}
  m_PrefabInternal: {fileID: 1541940210}
--- !u!1 &1541940213 stripped
GameObject:
  m_PrefabParentObject: {fileID: 100016, guid: 62a586d1fec2b594997bf94170cdaf07, type: 3}
  m_PrefabInternal: {fileID: 1541940210}
--- !u!1 &1541940214 stripped
GameObject:
  m_PrefabParentObject: {fileID: 100014, guid: 62a586d1fec2b594997bf94170cdaf07, type: 3}
  m_PrefabInternal: {fileID: 1541940210}
--- !u!1 &1541940215 stripped
GameObject:
  m_PrefabParentObject: {fileID: 100012, guid: 62a586d1fec2b594997bf94170cdaf07, type: 3}
  m_PrefabInternal: {fileID: 1541940210}
--- !u!1 &1541940216 stripped
GameObject:
  m_PrefabParentObject: {fileID: 100010, guid: 62a586d1fec2b594997bf94170cdaf07, type: 3}
  m_PrefabInternal: {fileID: 1541940210}
--- !u!1 &1541940217 stripped
GameObject:
  m_PrefabParentObject: {fileID: 100008, guid: 62a586d1fec2b594997bf94170cdaf07, type: 3}
  m_PrefabInternal: {fileID: 1541940210}
--- !u!1 &1541940218 stripped
GameObject:
  m_PrefabParentObject: {fileID: 100006, guid: 62a586d1fec2b594997bf94170cdaf07, type: 3}
  m_PrefabInternal: {fileID: 1541940210}
--- !u!1 &1541940219 stripped
GameObject:
  m_PrefabParentObject: {fileID: 100004, guid: 62a586d1fec2b594997bf94170cdaf07, type: 3}
  m_PrefabInternal: {fileID: 1541940210}
--- !u!1 &1541940220 stripped
GameObject:
  m_PrefabParentObject: {fileID: 100002, guid: 62a586d1fec2b594997bf94170cdaf07, type: 3}
  m_PrefabInternal: {fileID: 1541940210}
--- !u!1 &1541940221 stripped
GameObject:
  m_PrefabParentObject: {fileID: 100000, guid: 62a586d1fec2b594997bf94170cdaf07, type: 3}
  m_PrefabInternal: {fileID: 1541940210}
--- !u!65 &1541940222
BoxCollider:
  m_ObjectHideFlags: 0
  m_PrefabParentObject: {fileID: 0}
  m_PrefabInternal: {fileID: 0}
  m_GameObject: {fileID: 1541940212}
  m_Material: {fileID: 0}
  m_IsTrigger: 0
  m_Enabled: 1
  serializedVersion: 2
  m_Size: {x: 40, y: 40.000008, z: 0}
  m_Center: {x: 0, y: 0, z: 0}
--- !u!114 &1541940223
MonoBehaviour:
  m_ObjectHideFlags: 0
  m_PrefabParentObject: {fileID: 0}
  m_PrefabInternal: {fileID: 0}
  m_GameObject: {fileID: 1541940213}
  m_Enabled: 1
  m_EditorHideFlags: 0
  m_Script: {fileID: 11500000, guid: 23d3938c17209a545af73e1d215d2994, type: 3}
  m_Name: 
  m_EditorClassIdentifier: 
  openPosition: {fileID: 656831194}
  closePosition: {fileID: 1354388739}
  openTime: 5
  opening: 0
--- !u!65 &1541940224
BoxCollider:
  m_ObjectHideFlags: 0
  m_PrefabParentObject: {fileID: 0}
  m_PrefabInternal: {fileID: 0}
  m_GameObject: {fileID: 1541940213}
  m_Material: {fileID: 0}
  m_IsTrigger: 0
  m_Enabled: 1
  serializedVersion: 2
  m_Size: {x: 4.8, y: 0.4000001, z: 3.0000007}
  m_Center: {x: 0, y: 0, z: 0}
--- !u!65 &1541940225
BoxCollider:
  m_ObjectHideFlags: 0
  m_PrefabParentObject: {fileID: 0}
  m_PrefabInternal: {fileID: 0}
  m_GameObject: {fileID: 1541940214}
  m_Material: {fileID: 0}
  m_IsTrigger: 0
  m_Enabled: 1
  serializedVersion: 2
  m_Size: {x: 1, y: 7.000002, z: 3.0000007}
  m_Center: {x: -3.5, y: 0.5000001, z: 1.5000004}
--- !u!65 &1541940226
BoxCollider:
  m_ObjectHideFlags: 0
  m_PrefabParentObject: {fileID: 0}
  m_PrefabInternal: {fileID: 0}
  m_GameObject: {fileID: 1541940215}
  m_Material: {fileID: 0}
  m_IsTrigger: 0
  m_Enabled: 1
  serializedVersion: 2
  m_Size: {x: 1, y: 7.000002, z: 3.0000007}
  m_Center: {x: 3.5, y: 0.5000001, z: 1.5000004}
--- !u!65 &1541940227
BoxCollider:
  m_ObjectHideFlags: 0
  m_PrefabParentObject: {fileID: 0}
  m_PrefabInternal: {fileID: 0}
  m_GameObject: {fileID: 1541940216}
  m_Material: {fileID: 0}
  m_IsTrigger: 0
  m_Enabled: 1
  serializedVersion: 2
  m_Size: {x: 6, y: 1.0000002, z: 3.0000007}
  m_Center: {x: 0, y: -2.5000005, z: 1.5000004}
--- !u!64 &1541940228
MeshCollider:
  m_ObjectHideFlags: 0
  m_PrefabParentObject: {fileID: 0}
  m_PrefabInternal: {fileID: 0}
  m_GameObject: {fileID: 1541940217}
  m_Material: {fileID: 0}
  m_IsTrigger: 0
  m_Enabled: 1
  serializedVersion: 2
  m_Convex: 0
  m_InflateMesh: 0
  m_SkinWidth: 0.01
  m_Mesh: {fileID: 4300008, guid: 62a586d1fec2b594997bf94170cdaf07, type: 3}
--- !u!65 &1541940229
BoxCollider:
  m_ObjectHideFlags: 0
  m_PrefabParentObject: {fileID: 0}
  m_PrefabInternal: {fileID: 0}
  m_GameObject: {fileID: 1541940218}
  m_Material: {fileID: 0}
  m_IsTrigger: 0
  m_Enabled: 1
  serializedVersion: 2
  m_Size: {x: 6, y: 1.0000002, z: 3.0000007}
  m_Center: {x: 0, y: -2.5000005, z: 1.5000004}
--- !u!65 &1541940230
BoxCollider:
  m_ObjectHideFlags: 0
  m_PrefabParentObject: {fileID: 0}
  m_PrefabInternal: {fileID: 0}
  m_GameObject: {fileID: 1541940219}
  m_Material: {fileID: 0}
  m_IsTrigger: 0
  m_Enabled: 1
  serializedVersion: 2
  m_Size: {x: 1, y: 7.000002, z: 3.0000007}
  m_Center: {x: 3.5, y: 0.5000001, z: 1.5000004}
--- !u!65 &1541940231
BoxCollider:
  m_ObjectHideFlags: 0
  m_PrefabParentObject: {fileID: 0}
  m_PrefabInternal: {fileID: 0}
  m_GameObject: {fileID: 1541940220}
  m_Material: {fileID: 0}
  m_IsTrigger: 0
  m_Enabled: 1
  serializedVersion: 2
  m_Size: {x: 1, y: 7.000002, z: 3.0000007}
  m_Center: {x: -3.5, y: 0.5000001, z: 1.5000004}
--- !u!64 &1541940232
MeshCollider:
  m_ObjectHideFlags: 0
  m_PrefabParentObject: {fileID: 0}
  m_PrefabInternal: {fileID: 0}
  m_GameObject: {fileID: 1541940221}
  m_Material: {fileID: 0}
  m_IsTrigger: 0
  m_Enabled: 1
  serializedVersion: 2
  m_Convex: 0
  m_InflateMesh: 0
  m_SkinWidth: 0.01
  m_Mesh: {fileID: 4300016, guid: 62a586d1fec2b594997bf94170cdaf07, type: 3}
--- !u!1 &1659840160
GameObject:
  m_ObjectHideFlags: 0
  m_PrefabParentObject: {fileID: 0}
  m_PrefabInternal: {fileID: 0}
  serializedVersion: 5
  m_Component:
  - component: {fileID: 1659840163}
  - component: {fileID: 1659840162}
  - component: {fileID: 1659840161}
  m_Layer: 0
  m_Name: EventSystem
  m_TagString: Untagged
  m_Icon: {fileID: 0}
  m_NavMeshLayer: 0
  m_StaticEditorFlags: 0
  m_IsActive: 1
--- !u!114 &1659840161
MonoBehaviour:
  m_ObjectHideFlags: 0
  m_PrefabParentObject: {fileID: 0}
  m_PrefabInternal: {fileID: 0}
  m_GameObject: {fileID: 1659840160}
  m_Enabled: 1
  m_EditorHideFlags: 0
  m_Script: {fileID: 1077351063, guid: f70555f144d8491a825f0804e09c671c, type: 3}
  m_Name: 
  m_EditorClassIdentifier: 
  m_HorizontalAxis: Horizontal
  m_VerticalAxis: Vertical
  m_SubmitButton: Submit
  m_CancelButton: Cancel
  m_InputActionsPerSecond: 10
  m_RepeatDelay: 0.5
  m_ForceModuleActive: 0
--- !u!114 &1659840162
MonoBehaviour:
  m_ObjectHideFlags: 0
  m_PrefabParentObject: {fileID: 0}
  m_PrefabInternal: {fileID: 0}
  m_GameObject: {fileID: 1659840160}
  m_Enabled: 1
  m_EditorHideFlags: 0
  m_Script: {fileID: -619905303, guid: f70555f144d8491a825f0804e09c671c, type: 3}
  m_Name: 
  m_EditorClassIdentifier: 
  m_FirstSelected: {fileID: 0}
  m_sendNavigationEvents: 1
  m_DragThreshold: 5
--- !u!4 &1659840163
Transform:
  m_ObjectHideFlags: 0
  m_PrefabParentObject: {fileID: 0}
  m_PrefabInternal: {fileID: 0}
  m_GameObject: {fileID: 1659840160}
  m_LocalRotation: {x: 0, y: 0, z: 0, w: 1}
  m_LocalPosition: {x: 0, y: 0, z: 0}
  m_LocalScale: {x: 1, y: 1, z: 1}
  m_Children: []
  m_Father: {fileID: 0}
  m_RootOrder: 4
  m_LocalEulerAnglesHint: {x: 0, y: 0, z: 0}
--- !u!1 &2095628024
GameObject:
  m_ObjectHideFlags: 0
  m_PrefabParentObject: {fileID: 0}
  m_PrefabInternal: {fileID: 0}
  serializedVersion: 5
  m_Component:
  - component: {fileID: 2095628026}
  - component: {fileID: 2095628025}
  m_Layer: 0
  m_Name: Directional Light
  m_TagString: Untagged
  m_Icon: {fileID: 0}
  m_NavMeshLayer: 0
  m_StaticEditorFlags: 0
  m_IsActive: 1
--- !u!108 &2095628025
Light:
  m_ObjectHideFlags: 0
  m_PrefabParentObject: {fileID: 0}
  m_PrefabInternal: {fileID: 0}
  m_GameObject: {fileID: 2095628024}
  m_Enabled: 1
  serializedVersion: 8
  m_Type: 1
  m_Color: {r: 1, g: 0.95686275, b: 0.8392157, a: 1}
  m_Intensity: 1
  m_Range: 10
  m_SpotAngle: 30
  m_CookieSize: 10
  m_Shadows:
    m_Type: 2
    m_Resolution: -1
    m_CustomResolution: -1
    m_Strength: 1
    m_Bias: 0.05
    m_NormalBias: 0.4
    m_NearPlane: 0.2
  m_Cookie: {fileID: 0}
  m_DrawHalo: 0
  m_Flare: {fileID: 0}
  m_RenderMode: 0
  m_CullingMask:
    serializedVersion: 2
    m_Bits: 4294967295
  m_Lightmapping: 4
  m_AreaSize: {x: 1, y: 1}
  m_BounceIntensity: 1
  m_ColorTemperature: 6570
  m_UseColorTemperature: 0
  m_ShadowRadius: 0
  m_ShadowAngle: 0
--- !u!4 &2095628026
Transform:
  m_ObjectHideFlags: 0
  m_PrefabParentObject: {fileID: 0}
  m_PrefabInternal: {fileID: 0}
  m_GameObject: {fileID: 2095628024}
  m_LocalRotation: {x: 0.40821788, y: -0.23456968, z: 0.10938163, w: 0.8754261}
  m_LocalPosition: {x: 0, y: 3, z: 0}
  m_LocalScale: {x: 1, y: 1, z: 1}
  m_Children: []
  m_Father: {fileID: 0}
  m_RootOrder: 0
  m_LocalEulerAnglesHint: {x: 50, y: -30, z: 0}
